<TALLYMESSAGE>
    <VOUCHER VCHTYPE="Sales" ACTION="Create" OBJVIEW="Invoice View">
        <DATE>20240402</DATE>
        <PARTYLEDGERNAME>Zenith Traders</PARTYLEDGERNAME>
        <ALLLEDGERENTRIES.LIST>
            <LEDGERNAME>Sales Account</LEDGERNAME>
            <AMOUNT>100.00</AMOUNT>
        </ALLLEDGERENTRIES.LIST>

        <ALLINVENTORYENTRIES.LIST>
            <STOCKITEMNAME>Biscuits</STOCKITEMNAME>
            <ISDEEMEDPOSITIVE>No</ISDEEMEDPOSITIVE>
            <RATE>20.00/Box</RATE>
            <AMOUNT>100.00</AMOUNT>
            <ACTUALQTY> 5 Box</ACTUALQTY>
            <BILLEDQTY> 5 Box</BILLEDQTY>
        </ALLINVENTORYENTRIES.LIST>

        <ACCOUNTINGALLOCATIONS.LIST>
            <LEDGERNAME>General Sales Account</LEDGERNAME>
            <ISDEEMEDPOSITIVE>No</ISDEEMEDPOSITIVE>
       </ACCOUNTINGALLOCATIONS.LIST>

        <LEDGERENTRIES.LIST>
            <LEDGERNAME>Zenith Traders</LEDGERNAME>
            <ISPARTYLEDGER>Yes</ISPARTYLEDGER>
            <ISLASTDEEMEDPOSITIVE>Yes</ISLASTDEEMEDPOSITIVE>
            <AMOUNT>00.00</AMOUNT>
      </LEDGERENTRIES.LIST>
   </VOUCHER>
</TALLYMESSAGE>